@article{gkbrkslowloris,
  title = "Slowloris",
  author = "Gokberk Yaltirakli",
  journal = "github.com",
  year = "2015",
  url = "https://github.com/gkbrk/slowloris"
}